0740000000001234567Test Account Name   20082500000001000000+00000000950000+00000000050000+00000000000000+001210825              
075000000000123456700000000098765430001234567890000000050000100123456789012345678901234567890210825                    01101210825
075000000000123456700000000111122220001234567891000000150000200987654321098765432100000000000210825                    01101210825
